@inbook{tardos_wexler_2007,
  author = {Éva Tardos
  and Tom Wexler},
  title = {Network Formation Games and the Potential Function Method},
  booktitle = {Algorithmic Game Theory},
  pages = {487–516},
  year = {2007},
  publisher = {Cambridge University Press},
  place = {Cambridge},
  editor = {Noam Nisan
  and Tim Roughgarden
  and Éva Tardos
  and Vijay Vazirani},
  DOI = {10.1017/CBO9780511800481.021},
}
